% This file was created with JabRef 2.10.
% Encoding: ANSI_X3.4-1968


@InProceedings{abramson1970aloha,
  Title                    = {{THE ALOHA SYSTEM: another alternative for computer communications}},
  Author                   = {Abramson, Norman},
  Booktitle                = {{Proceedings of the November 17-19, 1970, fall joint computer conference}},
  Year                     = {1970},
  Organization             = {ACM},
  Pages                    = {281--285}
}

@Article{behroozi1992delay,
  Title                    = {{Delay upper bounds for a finite user random-access system with bursty arrivals}},
  Author                   = {Behroozi-Toosi, Amir B and Rao, Ramesh R},
  Journal                  = {IEEE transactions on communications},
  Year                     = {1992},
  Number                   = {3},
  Pages                    = {591--596},
  Volume                   = {40},

  Publisher                = {IEEE}
}

@Book{bertsekas1992data,
  Title                    = {{Data networks}},
  Author                   = {Bertsekas, Dimitri P and Gallager, Robert G and Humblet, Pierre},
  Publisher                = {Prentice-Hall International New Jersey},
  Year                     = {1992},
  Volume                   = {2}
}

@Article{bianchi2000performance,
  Title                    = {{Performance analysis of the IEEE 802.11 distributed coordination function}},
  Author                   = {Bianchi, Giuseppe},
  Journal                  = {IEEE Journal on selected areas in communications},
  Year                     = {2000},
  Number                   = {3},
  Pages                    = {535--547},
  Volume                   = {18},

  Publisher                = {IEEE}
}

@Article{cali2000dynamic,
  Title                    = {{Dynamic tuning of the IEEE 802.11 protocol to achieve a theoretical throughput limit}},
  Author                   = {Cal{\`\i}, Frederico and Conti, Marco and Gregori, Enrico},
  Journal                  = {IEEE/ACM Transactions on Networking (ToN)},
  Year                     = {2000},
  Number                   = {6},
  Pages                    = {785--799},
  Volume                   = {8},

  Publisher                = {IEEE Press}
}

@Article{chen1994medium,
  Title                    = {{Medium access control of wireless LANs for mobile computing}},
  Author                   = {Chen, Kwang-Cheng},
  Journal                  = {IEEE Network},
  Year                     = {1994},
  Number                   = {5},
  Pages                    = {50--63},
  Volume                   = {8}
}

@Article{choi2006multichannel,
  Title                    = {{Multichannel random access in OFDMA wireless networks}},
  Author                   = {Choi, Young-June and Park, Suho and Bahk, Saewoong},
  Journal                  = {IEEE Journal on Selected Areas in Communications},
  Year                     = {2006},
  Number                   = {3},
  Pages                    = {603--613},
  Volume                   = {24},

  Publisher                = {IEEE}
}

@Article{dengquality,
  Title                    = {{On Quality-of-Service Provisioning in IEEE 802.11 ax WLANs}},
  Author                   = {Deng, Der-Jiunn and Lien, Shao-Yu and Lee, Jorden and Chen, Kwang-Cheng},
  Journal                  = {IEEE Access},

  Publisher                = {IEEE}
}

@InProceedings{ho1996performance,
  Title                    = {{Performance analysis of IEEE 802.11 CSMA/CA medium access control protocol}},
  Author                   = {Ho, Tien-Shin and Chen, Kwang-Cheng},
  Booktitle                = {proc. PIMRC},
  Year                     = {1996},
  Pages                    = {407--411},
  Volume                   = {96}
}

@Article{khorov2015survey,
  Title                    = {{A survey on IEEE 802.11 ah: An enabling networking technology for smart cities}},
  Author                   = {Khorov, Evgeny and Lyakhov, Andrey and Krotov, Alexander and Guschin, Andrey},
  Journal                  = {Computer Communications},
  Year                     = {2015},
  Pages                    = {53--69},
  Volume                   = {58},

  Publisher                = {Elsevier}
}

@InProceedings{kim2012performance,
  Title                    = {{Performance evaluation of random access for M2M communication on IEEE 802.16 network}},
  Author                   = {Kim, Seokki and Cha, Jaesun and Jung, Soojung and Yoon, Chulsik and Lim, Kwangjae},
  Booktitle                = {Advanced Communication Technology (ICACT), 2012 14th International Conference on},
  Year                     = {2012},
  Organization             = {IEEE},
  Pages                    = {278--283}
}

@Article{kleinrock1975packet,
  Title                    = {{Packet switching in radio channels: Part I-carrier sense multiple-access modes and their throughput-delay characteristics}},
  Author                   = {Kleinrock, Leonard and Tobagi, Fouad},
  Journal                  = {IEEE transactions on Communications},
  Year                     = {1975},
  Number                   = {12},
  Pages                    = {1400--1416},
  Volume                   = {23},

  Publisher                = {IEEE}
}

@Article{GeneralizedOFDMACSMACA,
  Title                    = {{Generalized CSMA/CA for OFDMA systems: protocol design, throughput analysis, and implementation issues}},
  Author                   = {H. Kwon and H. Seo and S. Kim and B. G. Lee},
  Journal                  = {IEEE Transactions on Wireless Communications},
  Year                     = {2009},

  Month                    = {August},
  Number                   = {8},
  Pages                    = {4176-4187},
  Volume                   = {8},

  Doi                      = {10.1109/TWC.2009.080816},
  ISSN                     = {1536-1276}
}

@Book{perahia2013next,
  Title                    = {{Next Generation Wireless LANS: 802.11 n and 802.11 ac}},
  Author                   = {Perahia, Eldad and Stacey, Robert},
  Publisher                = {Cambridge university press},
  Year                     = {2013}
}

@Article{roberts1975aloha,
  Title                    = {{ALOHA packet system with and without slots and capture}},
  Author                   = {Roberts, Lawrence G},
  Journal                  = {ACM SIGCOMM Computer Communication Review},
  Year                     = {1975},
  Number                   = {2},
  Pages                    = {28--42},
  Volume                   = {5},

  Publisher                = {ACM}
}

@Article{seo2011design,
  Title                    = {{Design and analysis of backoff algorithms for random access channels in UMTS-LTE and IEEE 802.16 systems}},
  Author                   = {Seo, Jun-Bae and Leung, Victor CM},
  Journal                  = {IEEE Transactions on Vehicular Technology},
  Year                     = {2011},
  Number                   = {8},
  Pages                    = {3975--3989},
  Volume                   = {60},

  Publisher                = {IEEE}
}

@InProceedings{shen2003performance,
  Title                    = {{Performance analysis for a stabilized multi-channel slotted ALOHA algorithm}},
  Author                   = {Shen, Dongxu and Li, Victor OK},
  Booktitle                = {Personal, Indoor and Mobile Radio Communications, 2003. PIMRC 2003. 14th IEEE Proceedings on},
  Year                     = {2003},
  Organization             = {IEEE},
  Pages                    = {249--253},
  Volume                   = {1}
}

@InProceedings{tan1987performance,
  Title                    = {Performance of multiple parallel slotted Aloha channels},
  Author                   = {Tan, HH and Wang, H},
  Booktitle                = {Proc. INFOCOM},
  Year                     = {1987},
  Pages                    = {931--940},
  Volume                   = {87}
}

@Article{wei2015modeling,
  Title                    = {{Modeling and analysis of random access channels with bursty arrivals in OFDMA wireless networks}},
  Author                   = {Wei, Chia-Hung and Bianchi, Giuseppe and Cheng, Ray-Guang},
  Journal                  = {IEEE Transactions on Wireless Communications},
  Year                     = {2015},
  Number                   = {4},
  Pages                    = {1940--1953},
  Volume                   = {14},

  Publisher                = {IEEE}
}

@Article{wei2012modeling,
  Title                    = {{Modeling and estimation of one-shot random access for finite-user multichannel slotted ALOHA systems}},
  Author                   = {Wei, Chia-Hung and Cheng, Ray-Guang and Tsao, Shiao-Li},
  Journal                  = {IEEE Communications Letters},
  Year                     = {2012},
  Number                   = {8},
  Pages                    = {1196--1199},
  Volume                   = {16},

  Publisher                = {IEEE}
}

@InProceedings{zhang1992multichannel,
  Title                    = {Multichannel Aloha data networks for personal communications services (PCS)},
  Author                   = {Zhang, Z and Liu, Y-J},
  Booktitle                = {Global Telecommunications Conference, 1992. Conference Record., GLOBECOM'92. Communication for Global Users., IEEE},
  Year                     = {1992},
  Organization             = {IEEE},
  Pages                    = {21--25}
}

@Article{zhou2008efficient,
  Title                    = {{An efficient random access scheme for OFDMA systems with implicit message transmission}},
  Author                   = {Zhou, Ping and Hu, Honglin and Wang, Haifeng and Chen, Hsiao-hwa},
  Journal                  = {IEEE transactions on wireless communications},
  Year                     = {2008},
  Number                   = {7},
  Pages                    = {2790--2797},
  Volume                   = {7},

  Publisher                = {IEEE}
}

@Misc{cisco2016,
  Title                    = {{Cisco Visual Networking Index:Forecast and Methodology, 2015-2020}},
  HowPublished             = {\url{http://www.cisco.com/c/en/us/solutions/collateral/service-provider/visual-networking-index-vni/complete-white-paper-c11-481360.pdf}},
  Note                     = {[Online; accessed on 13-June-2016]}
}

@Article{draft_ax,
  Title                    = {Part 11: Wireless LAN Medium Access Control (MAC) and Physical Layer (PHY) Specifications, Amendment 6: Enhancements for High Efficiency WLAN, 802.11ax},
  Journal                  = {Amendment 6: Enhancements for High Efficiency WLAN},
  Year                     = {2016},

  Month                    = {Sep},
  Pages                    = {1-376}
}

